///////////////////////////////////////
// Previous work
///////////////////////////////////////

@INPROCEEDINGS{photo_real, 
  author={Huber, D. and Herman, H. and Kelly, A. and Rander, P. and Ziglar, J.}, 
  booktitle={Computer Vision Workshops (ICCV Workshops), 2009 IEEE 12th International Conference on}, title={Real-time photo-realistic visualization of 3D environments for enhanced tele-operation of vehicles}, 
  year={2009}, 
  month={27 2009-oct. 4}, 
  volume={}, 
  number={}, 
  pages={1518 -1525}, 
  keywords={3D environments;3D geometry modeling;colorized nonground objects;environment augmentation;laser scanner;moving vehicle platform;real time photo realistic visualization;textured background;textured ground surface;vehicles teleoperation;video camera;data visualisation;optical scanners;robot vision;telerobotics;vehicles;video cameras;}, 
  doi={10.1109/ICCVW.2009.5457431}, 
  ISSN={},
}

@inproceedings{kazhdan2006poisson,
  title={Poisson surface reconstruction},
  author={Kazhdan, M. and Bolitho, M. and Hoppe, H.},
  booktitle={Proceedings of the fourth Eurographics symposium on Geometry processing},
  pages={61--70},
  year={2006},
  organization={Eurographics Association}
}

///////////////////////////////////////
// Kinect/ASUS Specific References 
///////////////////////////////////////

@misc{GIZMODO,
  key = "gizmodo",
  title = "{Microsoft Xbox 360 Kinect Launches November 4}",
  howpublished = "http://gizmodo.com/5563148/microsoft-xbox-360-kinect-launches-november-4",
  author = "Gizmodo"
}

@misc{ASUS,
  key = "asus",
  title = "{ASUS Xtion PRO LIVE Motion Sensor}",
  howpublished = "http://www.asus.com/Multimedia/Motion\_Sensor/Xtion\_PRO\_LIVE/",
  author = "ASUS"
}

@misc{KINECT,
  key = "kinect",
  title = "{Kinect for Xbox 360 by Microsoft}",
  howpublished = "http://www.xbox.com/en-US/kinect",
  author = "Microsoft"
}

@misc{PRIMESENSE,
  key = "primesense",
  title = "{Primesense 3D Sensing Technology}",
  howpublished = "http://www.primesense.com/en/technology/114-the-ps1080",
  author = "Primesense"
}

@inproceedings{khoshelham2011accuracy,
  title={Accuracy analysis of kinect depth data},
  author={Khoshelham, K.},
  booktitle={ISPRS Workshop Laser Scanning},
  volume={38},
  pages={1},
  year={2011}
}

///////////////////////////////////////
// Application of the Kinect
///////////////////////////////////////

@article{biswasdepth,
  title={Depth Camera based Localization and Navigation for Indoor Mobile Robots},
  author={Biswas, J. and Veloso, M.}
}

@article{Henry2010,
  author = {Henry, Peter and Krainin, Michael and Herbst, Evan},
  file = {:Users/william/Downloads/tmpl9iodL.pdf:pdf},
  journal = {the 12th International},
  title = {{RGB-D mapping: Using depth cameras for dense 3D modeling of indoor environments}},
  url = {http://ml.cs.washington.edu/www/media/papers/tmpl9iodL.pdf},
  year = {2010}
}

@inproceedings{izadi2011kinectfusion,
  title={Kinectfusion: real-time dynamic 3d surface reconstruction and interaction},
  author={Izadi, S. and Newcombe, R.A. and Kim, D. and Hilliges, O. and Molyneaux, D. and Hodges, S. and Kohli, P. and Shotton, J. and Davison, A.J. and Fitzgibbon, A.},
  booktitle={ACM SIGGRAPH 2011 Talks},
  pages={23},
  year={2011},
  organization={ACM}
}

@article{whelankintinuous,
  title={Kintinuous: Spatially Extended KinectFusion},
  author={Whelan, T. and McDonald, J. and Kaess, M. and Fallon, M. and Johannsson, H. and Leonard, J.J.}
}

///////////////////////////////////////
// PCL
///////////////////////////////////////

@inproceedings{rusu20113d,
  title={3d is here: Point cloud library (pcl)},
  author={Rusu, R.B. and Cousins, S.},
  booktitle={Robotics and Automation (ICRA), 2011 IEEE International Conference on},
  pages={1--4},
  year={2011},
  organization={IEEE}
}

///////////////////////////////////////
// Octomap and related
///////////////////////////////////////

@inproceedings{octomap,
  author = {K. M. Wurm and A. Hornung and 
  M. Bennewitz and C. Stachniss and W. Burgard},
  title = {{OctoMap}: A Probabilistic, Flexible, and Compact {3D} Map 
  Representation for Robotic Systems},
  booktitle = {Proc. of the ICRA 2010 Workshop on Best Practice in 
  3D Perception and Modeling for Mobile Manipulation},
  year = 2010,
  month = may,
  address = {Anchorage, AK, USA},
  url = {http://octomap.sf.net/},
  note = {Software available at \url{http://octomap.sf.net/}}
}

@inproceedings{amanatides1987fast,
  title={A fast voxel traversal algorithm for ray tracing},
  author={Amanatides, J. and Woo, A.},
  booktitle={Eurographics},
  volume={87},
  number={3},
  pages={10},
  year={1987},
  organization={Citeseer}
}

///////////////////////////////////////
// Application of Octomap
///////////////////////////////////////

@misc{3DCOLLISION, 
  key = "3Dcollision",
  title = "{3D Collision Avoidance for Navigation in Unstructured Environments}",
  howpublished = "http://www.willowgarage.com/blog/2011/09/12/3d-collision-avoidance?page=24"
}

///////////////////////////////////////
// General Octree
///////////////////////////////////////

@article{jiang1996set,
  title={Set operations between linear octrees},
  author={Jiang, Y.D.},
  journal={Computers \& Geosciences},
  volume={22},
  number={5},
  pages={509--516},
  year={1996},
  publisher={Elsevier}
}

@article{meagher1982geometric,
  title={Geometric modeling using octree encoding},
  author={Meagher, D.},
  journal={Computer Graphics and Image Processing},
  volume={19},
  number={2},
  pages={129--147},
  year={1982},
  publisher={Elsevier}
}

@inproceedings{fang1996deformable,
  title={Deformable volume rendering by 3D texture mapping and octree encoding},
  author={Fang, S. and Huang, S. and Srinivasan, R. and Raghavan, R.},
  booktitle={Visualization'96. Proceedings.},
  pages={73--80},
  year={1996},
  organization={IEEE}
}

@article{boada2001multiresolution,
  title={Multiresolution volume visualization with a texture-based octree},
  author={Boada, I. and Navazo, I. and Scopigno, R.},
  journal={The visual computer},
  volume={17},
  number={3},
  pages={185--197},
  year={2001},
  publisher={Springer}
}

///////////////////////////////////////
// Bandwidth Estimation
///////////////////////////////////////

@article{prasad2003bandwidth,
  title={Bandwidth estimation: metrics, measurement techniques, and tools},
  author={Prasad, R. and Dovrolis, C. and Murray, M. and Claffy, KC},
  journal={Network, IEEE},
  volume={17},
  number={6},
  pages={27--35},
  year={2003},
  publisher={IEEE}
}

///////////////////////////////////////
// ROS
///////////////////////////////////////

@inproceedings{quigley2009ros,
  title={ROS: an open-source Robot Operating System},
  author={Quigley, M. and Conley, K. and Gerkey, B. and Faust, J. and Foote, T. and Leibs, J. and Wheeler, R. and Ng, A.Y.},
  booktitle={ICRA Workshop on Open Source Software},
  volume={3},
  number={3.2},
  year={2009}
}

@misc{rviz,
  key = "rviz",
  title = "{rviz: A 3d visualization environment for robots using ROS}",
  howpublished = "http://www.ros.org/wiki/rviz",
  author = "Willow Garage"
}

@misc{rviz_shapes,
  key = "rviz_shapes",
  title = "{rviz: Marker display types}",
  howpublished = "http://www.ros.org/wiki/rviz/DisplayTypes/Marker",
  author = "Willow Garage"
}

///////////////////////////////////////
// Sensors
///////////////////////////////////////

@techreport{halterman2010velodyne,
  title={Velodyne HDL-64E lidar for unmanned surface vehicle obstacle detection},
  author={Halterman, R. and Bruch, M.},
  year={2010},
  institution={DTIC Document}
}

@article{kennedy2006architecture,
  title={Architecture and system performance of SPAN--NovAtelâ€™s GPS/INS solution},
  author={Kennedy, S. and Hamilton, J. and Martell, H.},
  journal={Proceedings of IEEE/ION PLANS 2006},
  pages={23--25},
  year={2006}
}

///////////////////////////////////////
// Robot Navigation
///////////////////////////////////////

@article{grisetti2007improved,
  title={Improved techniques for grid mapping with rao-blackwellized particle filters},
  author={Grisetti, G. and Stachniss, C. and Burgard, W.},
  journal={Robotics, IEEE Transactions on},
  volume={23},
  number={1},
  pages={34--46},
  year={2007},
  publisher={IEEE}
}

@inproceedings{grisettiyz2005improving,
  title={Improving grid-based slam with rao-blackwellized particle filters by adaptive proposals and selective resampling},
  author={Grisettiyz, G. and Stachniss, C. and Burgard, W.},
  booktitle={Robotics and Automation, 2005. ICRA 2005. Proceedings of the 2005 IEEE International Conference on},
  pages={2432--2437},
  year={2005},
  organization={IEEE}
}

@book{lavalle2006planning,
  title={Planning algorithms},
  author={LaValle, S.M.},
  year={2006},
  publisher={Cambridge Univ Pr}
}
